<record><leader>00000cas a2200000 a 4500</leader><controlfield tag="001">48658001</controlfield><controlfield tag="008">011221d19231925caudn ne      0    0eng c</controlfield><datafield ind1=" " ind2=" " tag="010"><subfield code="a">sn2001060559</subfield></datafield><datafield ind1=" " ind2=" " tag="040"><subfield code="a">CNK</subfield><subfield code="b">eng</subfield><subfield code="c">CNK</subfield><subfield code="d">OCLCQ</subfield><subfield code="d">OCLCF</subfield><subfield code="d">OCLCO</subfield><subfield code="d">IUL</subfield><subfield code="d">OCL</subfield></datafield><datafield ind1=" " ind2=" " tag="042"><subfield code="a">pcc</subfield></datafield><datafield ind1=" " ind2=" " tag="043"><subfield code="a">n-us-ca</subfield></datafield><datafield ind1="0" ind2="0" tag="245"><subfield code="a">Anaheim bulletin and Anaheim daily herald.</subfield></datafield><datafield ind1="1" ind2=" " tag="246"><subfield code="i">Sunday issues published as:</subfield><subfield code="a">Sunday morning Anaheim bulletin and Anaheim daily herald</subfield><subfield code="f">June 1-8, 1924</subfield></datafield><datafield ind1="1" ind2="7" tag="246"><subfield code="a">Anaheim morning bulletin</subfield><subfield code="f">Dec. 16, 1923</subfield></datafield><datafield ind1="1" ind2="7" tag="246"><subfield code="a">Anaheim bulletin</subfield><subfield code="f">Dec. 17, 1923-May 8, 1925</subfield></datafield><datafield ind1=" " ind2=" " tag="260"><subfield code="a">Anaheim, Calif. :</subfield><subfield code="b">Lotus H. Loudon Pub. Co.</subfield></datafield><datafield ind1=" " ind2=" " tag="300"><subfield code="a">v.</subfield></datafield><datafield ind1=" " ind2=" " tag="310"><subfield code="a">Daily (except Sun.),</subfield><subfield code="b">Dec. 1, 1924-May 8, 1925</subfield></datafield><datafield ind1=" " ind2=" " tag="321"><subfield code="a">Daily,</subfield><subfield code="b">Dec. 16, 1923-Nov. 29, 1924</subfield></datafield><datafield ind1="0" ind2=" " tag="362"><subfield code="a">Vol. 11, no. 27 (Dec. 16, 1923)-v. 12, no. 237 (May 8, 1925).</subfield></datafield><datafield ind1=" " ind2=" " tag="500"><subfield code="a">"And Anaheim Daily Herald" appears in small print below "Anaheim Bulletin."</subfield></datafield><datafield ind1=" " ind2="0" tag="651"><subfield code="a">Anaheim (Calif.)</subfield><subfield code="v">Newspapers.</subfield></datafield><datafield ind1=" " ind2="0" tag="651"><subfield code="a">Orange County (Calif.)</subfield><subfield code="v">Newspapers.</subfield></datafield><datafield ind1=" " ind2="7" tag="651"><subfield code="a">California</subfield><subfield code="z">Orange County.</subfield><subfield code="2">fast</subfield><subfield code="0">(OCoLC)fst01206289</subfield></datafield><datafield ind1=" " ind2="7" tag="651"><subfield code="a">California</subfield><subfield code="z">Anaheim.</subfield><subfield code="2">fast</subfield><subfield code="0">(OCoLC)fst01205465</subfield></datafield><datafield ind1=" " ind2="7" tag="655"><subfield code="a">Newspapers.</subfield><subfield code="2">fast</subfield><subfield code="0">(OCoLC)fst01423814</subfield></datafield><datafield ind1=" " ind2=" " tag="752"><subfield code="a">United States</subfield><subfield code="b">California</subfield><subfield code="c">Orange</subfield><subfield code="d">Anaheim.</subfield></datafield><datafield ind1="0" ind2="4" tag="780"><subfield code="t">Anaheim morning bulletin</subfield><subfield code="w">(DLC)sn2001060558</subfield><subfield code="w">(OCoLC)48657996</subfield></datafield><datafield ind1="0" ind2="4" tag="780"><subfield code="t">Anaheim daily herald (Anaheim, Calif. : 1923)</subfield><subfield code="w">(DLC)sn2004061206</subfield><subfield code="w">(OCoLC)55059200</subfield></datafield><datafield ind1="0" ind2="7" tag="785"><subfield code="t">Orange County plain dealer</subfield><subfield code="w">(DLC)sn2001060216</subfield><subfield code="w">(OCoLC)46349198</subfield></datafield><datafield ind1="0" ind2="7" tag="785"><subfield code="t">Anaheim bulletin (Anaheim, Calif.)</subfield><subfield code="w">(DLC)sn 96064308</subfield><subfield code="w">(OCoLC)34510188</subfield></datafield><datafield ind1="1" ind2=" " tag="029"><subfield code="a">AU@</subfield><subfield code="b">000023276721</subfield></datafield></record>